@inproceedings{Kadambi2015,
    title = {{Polarized 3D: High-Quality Depth Sensing with Polarization Cues}},
    year = {2015},
    booktitle = {2015 IEEE International Conference on Computer Vision (ICCV)},
    author = {Kadambi, Achuta and Taamazyan, Vage and Shi, Boxin and Raskar, Ramesh},
    number = {3},
    month = {12},
    pages = {3370--3378},
    volume = {66},
    publisher = {IEEE},
    url = {http://ieeexplore.ieee.org/document/7410742/ http://www.ncbi.nlm.nih.gov/pubmed/7410742},
    isbn = {978-1-4673-8391-2},
    doi = {10.1109/ICCV.2015.385},
    issn = {0091-6749},
    pmid = {7410742}
}